% Encoding: UTF-8

@misc{能源数据2021王庆一,
  url={https://www.efchina.org/Attachments/Report/report-lceg-20210430-3/2020%E8%83%BD%E6%BA%90%E6%95%B0%E6%8D%AE.pdf},
  title={2020能源数据},
  year={2021},
  author={王庆一}
}

@phdthesis{李仲蔚2019风力发电企业价值评估研究,
  title={风力发电企业价值评估研究},
  author={李仲蔚},
  school={湖南大学},
  year={2019},
}

@article{陆冰鉴2020基于,
  title={基于EEMD和LSTM的短期风速预测模型研究},
  author={陆冰鉴 and 周鹏 and 王兴 and 周可},
  journal={软件工程},
  number={3},
  pages={43-48},
  year={2020},
}

@data{8028b944-daaa-4511-8769-965612652c49,
 author = {阳坤 and 何杰},
 cstr = {18406.11.AtmosphericPhysics.tpe.249369.file},
 doi = {10.11888/AtmosphericPhysics.tpe.249369.file},
 journal = {国家青藏高原科学数据中心},
 month = {05},
 publisher = {国家青藏高原科学数据中心},
 title = {中国区域地面气象要素驱动数据集（1979-2018）},
 url = {https://dx.doi.org/10.11888/AtmosphericPhysics.tpe.249369.file},
 year = {2019}
}

@article{taylor2018forecasting,
  title={Forecasting at scale},
  author={Taylor, Sean J and Letham, Benjamin},
  journal={The American Statistician},
  volume={72},
  number={1},
  pages={37--45},
  year={2018},
  publisher={Taylor \& Francis}
}

@article{wang2021hesitant,
  title={A hesitant fuzzy wind speed forecasting system with novel defuzzification method and multi-objective optimization algorithm},
  author={Wang, Jianzhou and Li, Hongmin and Wang, Ying and Lu, Haiyan},
  journal={Expert Systems with Applications},
  volume={168},
  pages={114364},
  year={2021},
  publisher={Elsevier}
}

@article{liu2021ensemble,
  title={Ensemble forecasting system for short-term wind speed forecasting based on optimal sub-model selection and multi-objective version of mayfly optimization algorithm},
  author={Liu, Zhenkun and Jiang, Ping and Wang, Jianzhou and Zhang, Lifang},
  journal={Expert Systems with Applications},
  volume={177},
  pages={114974},
  year={2021},
  publisher={Elsevier}
}

@phdthesis{谢义超2021基于,
  title={基于CEEMDAN分解和改进的LSTM模型的短期风速预测},
  author={谢义超},
  school={武汉科技大学},
  year={2021},
}

@phdthesis{王秀2021基于,
  title={基于WD-ARIMA-LSTM的短期风速预测},
  author={王秀},
  school={华北电力大学},
  year={2021},
}

@phdthesis{朱丽娜2021风电,
  title={风电场短期风速预测方法研究},
  author={朱丽娜},
  school={兰州理工大学},
  year={2021},
}

@article{姜兆宇2019多时空尺度的风力发电预测方法综述,
  title={多时空尺度的风力发电预测方法综述},
  author={姜兆宇 and 贾庆山 and 管晓宏},
  journal={自动化学报},
  volume={45},
  number={001},
  pages={51-71},
  year={2019},
}

@Comment{jabref-meta: databaseType:bibtex;}
